@Book{ClearArch,
  author =       {Мартин Р. },
  title =        {Чистая архитектура. Искусство разработки программного обеспечения},
  series =       {Библиотека программиста},
  isbn =         {978-5-4461-0772-8},
  publisher =    {СПб.: Питер},
  year =         {2018},
  pages =        {352},
  language =     "russian",
}
